<?xml version = "1.0" encoding = "UTF-8"?><OAI-PMH xmlns="http://www.openarchives.org/OAI/2.0/" xmlns:xsi="http://www.w3.org/2001/XMLSchema-instance" xsi:schemaLocation="http://www.openarchives.org/OAI/2.0/ http://www.openarchives.org/OAI/2.0/OAI-PMH.xsd"><ListRecords><record><header><identifier>aleph-publish:011206712</identifier></header><metadata><record xmlns="http://www.ddb.de/professionell/mabxml/mabxml-1.xsd"><leader>00882vM2.01200024------h</leader><controlfield tag="LDR">00882vM2.01200024------h</controlfield><controlfield tag="FMT">MH</controlfield><datafield tag="001" ind1="-" ind2="1"><subfield code="a">BT000160670</subfield></datafield><datafield tag="002" ind1="a" ind2="1"><subfield code="a">19991201</subfield></datafield><datafield tag="003" ind1="-" ind2="1"><subfield code="a">20120210</subfield></datafield><datafield tag="025" ind1="o" ind2="1"><subfield code="a">1067304352</subfield></datafield><datafield tag="026" ind1="-" ind2="1"><subfield code="a">HBZBT000160670</subfield></datafield><controlfield tag="030">a|1uc||||||17</controlfield><controlfield tag="050">a|||||||||||||</controlfield><controlfield tag="051">at||||||</controlfield><datafield tag="064" ind1="a" ind2="1"><subfield code="a">Tagebuch</subfield><subfield code="9">(DE-588)4058900-6</subfield></datafield><datafield tag="070" ind1="-" ind2="1"><subfield code="a">61/NWBib</subfield></datafield><datafield tag="070" ind1="b" ind2="1"><subfield code="a">6</subfield></datafield><datafield tag="078" ind1="n" ind2="1"><subfield code="a">NWBib</subfield></datafield><datafield tag="080" ind1="-" ind2="1"><subfield code="a">60</subfield></datafield><datafield tag="100" ind1="-" ind2="1"><subfield code="p">Stemans, Werner</subfield></datafield><datafield tag="104" ind1="a" ind2="1"><subfield code="p">Meyer-Rogmann, Vera</subfield><subfield code="9">(DE-588)1061044130</subfield></datafield><datafield tag="105" ind1="-" ind2="1"><subfield code="p">Rogmann, Vera Meyer-</subfield></datafield><datafield tag="331" ind1="-" ind2="1"><subfield code="a">Kriegsende in Waldniel - (7.9.1944-1.6.1945)</subfield></datafield><datafield tag="335" ind1="-" ind2="1"><subfield code="a">aus dem Tagebuch des Werner Stemans</subfield></datafield><datafield tag="359" ind1="-" ind2="1"><subfield code="a">Werner Stemans ; Vera Meyer-Rogmann</subfield></datafield><datafield tag="425" ind1="a" ind2="1"><subfield code="a">1996</subfield></datafield><datafield tag="525" ind1="-" ind2="1"><subfield code="p">In</subfield><subfield code="a">Heimatbuch des Kreises Viersen. - 47 (1996) S. 131-143 : Ill.</subfield></datafield><datafield tag="599" ind1="-" ind2="1"><subfield code="a">HT006916592</subfield></datafield><datafield tag="700" ind1="n" ind2="1"><subfield code="a">Waldniel</subfield><subfield code="0">https://nwbib.de/spatial#Q1313496</subfield></datafield><datafield tag="700" ind1="n" ind2="1"><subfield code="a">Geschichte</subfield><subfield code="0">https://nwbib.de/subjects#N240000</subfield></datafield><datafield tag="902" ind1="-" ind2="1"><subfield code="g">Waldniel</subfield><subfield code="9">(DE-588)4682515-0</subfield></datafield><datafield tag="902" ind1="-" ind2="1"><subfield code="s">Weltkrieg</subfield><subfield code="h">1939-1945</subfield><subfield code="9">(DE-588)4079167-1</subfield></datafield><datafield tag="902" ind1="-" ind2="1"><subfield code="s">Kriegsende</subfield><subfield code="9">(DE-588)4114316-4</subfield></datafield><controlfield tag="SYS">011206712</controlfield><datafield tag="LOW" ind1="-" ind2="1"><subfield code="a">Z9035</subfield></datafield><datafield tag="952" ind1="-" ind2="1"><subfield code="s">Zweiter Weltkrieg</subfield></datafield><datafield tag="952" ind1="-" ind2="1"><subfield code="s">2. Weltkrieg</subfield></datafield><datafield tag="952" ind1="-" ind2="1"><subfield code="s">Krieg</subfield><subfield code="x">Ende</subfield></datafield><datafield tag="088" ind1=" " ind2=" "><subfield code="a">Sol 1</subfield><subfield code="c">MA 691</subfield><subfield code="e">keine ILL</subfield></datafield></record></metadata></record></ListRecords></OAI-PMH>